@misc{GoertzelGeisweillerBlog,
author = {Ben Goertzel, Nil Geisweiller},
title = {AI-DSL: Toward a General-Purpose Description Language for AI Agents},
url = {https://blog.singularitynet.io/ai-dsl-toward-a-general-purpose-description-language-for-ai-agents-21459f691b9e},
}
