@misc{GoertzelGeisweillerBlog,
	author = {Ben Goertzel, Nil Geisweiller},
	title = {AI-DSL: Toward a General-Purpose Description Language for AI Agents},
	url = {https://blog.singularitynet.io/ai-dsl-toward-a-general-purpose-description-language-for-ai-agents-21459f691b9e}
}

@proceedings{YvesHellenschmidt2002,
	author = {Yves Forkl, Michael Hellenschmidt},
	location = {Kloster Irsee, Germany},
	pages = {17--21},
	publisher = {Fraunhofer Institute},
	series = {Tutorial and Research Workshop on Multi-Modal Dialogue in Mobile Environments},
	title = {Mastering agent communication in EMBASSI on the basis of a formal ontology},
	year = {2002}
}

@misc{martin_translations_nodate,
	author = {Martin, Philippe},
	file = {Translations between RDF+OWL, N3, KIF, UML, FL, FCG and FE:/home/kabir/Zotero/storage/JQ9VDTGT/comparisons.html:text/html},
	language = {English},
	title = {Translations between {RDF}+{OWL}, {N3}, {KIF}, {UML}, {FL}, {FCG} and {FE}},
	url = {http://www.webkb.org/doc/model/comparisons.html},
	urldate = {2021-05-12}
}

